<?xml version="1.0" encoding="UTF-8"?><collection xmlns="http://www.loc.gov/MARC21/slim"><record><leader>00392nam--2200133-i-4500</leader><controlfield tag="001">000039929</controlfield><controlfield tag="002">20161230</controlfield><controlfield tag="005">20161230201042</controlfield><controlfield tag="008">060222s1000------------r-----000-0-eng-d</controlfield><datafield ind1=" " ind2=" " tag="080"><subfield code="a">801.323.1+802.0+800.935:539.131</subfield></datafield><datafield ind1=" " ind2=" " tag="100"><subfield code="a">Sachs,Allan M., Schwartz,Melvin</subfield></datafield><datafield ind1=" " ind2=" " tag="245"><subfield code="a">Glossary of terms frequently used in high energy physics</subfield></datafield><datafield ind1=" " ind2=" " tag="260"><subfield code="a">New York, American Inst.Of Ph. 21 P</subfield></datafield><datafield ind1=" " ind2=" " tag="852"><subfield code="a">D.344</subfield></datafield></record></collection>